%
%  An example of a bibliographical database for bibTeX
%
%  Recommended software for maintenance of *.bib files:
%    JabRef, http://jabref.sourceforge.net/
%
%  BEWARE:
%
%    *  If a name contains a capital letter, which must be kept such,
%       use curly brackets ({T}hailand, {HIV}).
%
%  ===========================================================================


@BOOK{russell2009artificial,
  title={Artificial Intelligence: A Modern Approach},
  author={Russell, Stuart and Norvig, Peter},
  year={2009},
  publisher={Prentice Hall},
  edition={3rd},
  address={Upper Saddle River, NJ},
  isbn={9780136042594}
}

@ARTICLE{kottke2021toward,
  title={Toward optimal probabilistic active learning using a Bayesian approach},
  author={Kottke, Daniel and Herde, Marek and Sandrock, Christoph and Huseljic, Denis and Krempl, Georg and Sick, Bernhard},
  journal={Machine Learning},
  volume={110},
  number={6},
  pages={1199--1231},
  year={2021},
  publisher={Springer}
}

@BOOK{munro2021human,
  title     = "Human-in-the-loop machine learning",
  author    = "Munro, Robert",
  publisher = "Manning Publications",
  month     =  jul,
  year      =  2021,
  address   = "New York, NY"
}

@ARTICLE{roy2001toward,
  title={Toward optimal active learning through monte carlo estimation of error reduction},
  author={Roy, Nicholas and McCallum, Andrew},
  journal={ICML, Williamstown},
  volume={2},
  pages={441--448},
  year={2001}
}

@article{baram2004online,
  title={Online choice of active learning algorithms},
  author={Baram, Yoram and Yaniv, Ran El and Luz, Kobi},
  journal={Journal of Machine Learning Research},
  volume={5},
  number={Mar},
  pages={255--291},
  year={2004}
}

@misc{sklearn62feature,
  author = {},
  title = {6.2. {F}eature extraction --- scikit-learn.org},
  howpublished = {\url{https://scikit-learn.org/stable/modules/feature_extraction.html}},
  year = {},
  note = {[Accessed 03-Mar-2023]},
}
